@Article{gaiafaccs,
	author = {ESA},
	title = {Gaia: fact sheet},
	year = {2013},
}

@Article{cg,
	author = {T. Cantat-Gaudin et. al},
	title = "{A Gaia DR2 view of the open cluster population in the Milky Way}",
	journal = {A\&A},
	year = {2018},
}

@MISC{vizier,
	author = {Ochsenbein F. et. al},
	title = "{The VizieR database of astronomical catalogues}",
	doi = {10.26093/cds/vizier},	
}

@MISC{gaia,
	author = {Gaia Collaboration et. al},
	title = "{Description of the Gaia mission (spacecraft, instruments, survey and measurement principles, and operations)}",
	year = {2016},
}

@MISC{gaiadr1,
	author = {Gaia Collaboration et. al},
	title = "{Summary description of Gaia DR1}",
	year = {2016},
}

@MISC{gaiadr2,
	author = {Gaia Collaboration et. al},
	title = "{Gaia Data Release 2 : Summary of the contents and survey properties}",
	year = {2018},
}

@MISC{wimecommons,
	author = {Wiki Education Foundation},
	title = "{Wikimedia Commons}",
}

@Article{globclust,
	author = {Talpur, Jon},
	title = {A Guide to Globular Clusters},
	year = {1997},
}

@Book{introstars,
	author = {Green, Simon F. and Jones, Mark H. and Burnell, S. Jocelyn},
	title = {An Introduction to the Sun and Stars},
	year = {2004},
}

@Article{openclust,
	author = {Frommert, Hartmut; Kronberg, Christine},
	title = {Open Star Clusters},
	year = {2008},
}

@MISC{cmdSite,
	author = {Girardi, Léo},
	title = "{CMD Interface for stellar isochrones}",
	year = {2008}
}

@MISC{webda,
	author = {Paunzen, Ernst and Stütz, Christian and Janik, Jan},
	title = "{WEBDA Database}",
	year = {2008}
}

@article{scikit-learn,
	title={Scikit-learn: Machine Learning in {P}ython},
	author={Pedregosa, F. and Varoquaux, G. and Gramfort, A. and Michel, V.
         and Thirion, B. and Grisel, O. and Blondel, M. and Prettenhofer, P.
         and Weiss, R. and Dubourg, V. and Vanderplas, J. and Passos, A. and
         Cournapeau, D. and Brucher, M. and Perrot, M. and Duchesnay, E.},
 	journal={Journal of Machine Learning Research},
 	volume={12},
 	pages={2825--2830},
 	year={2011}
}

@article{astropy,
	author = {{Astropy Collaboration} et. al},
	doi = {10.1051/0004-6361/201322068},
	eid = {A33},
	eprint = {1307.6212},
	journal = {AAP},
	keywords = {methods: data analysis, methods: miscellaneous, virtual observatory tools},
	month = oct,
	pages = {A33},
	primaryclass = {astro-ph.IM},
	title = {{Astropy: A community Python package for astronomy}},
	volume = 558,
	year = 2013,
}


