@Article{gaiafaccs,
	author = {ESA},
	title = "{Gaia: fact sheet}",
	year = {2013},
}

@Article{cg,
	author = {T. Cantat-Gaudin et. al},
	title = "{A Gaia DR2 view of the open cluster population in the Milky Way}",
	journal = {A\&A},
	year = {2018},
}

@MISC{vizier,
	author = {Ochsenbein F. et. al},
	title = "{The VizieR database of astronomical catalogues}",
	doi = {10.26093/cds/vizier},	
}

@MISC{gaia,
	author = {Gaia Collaboration et. al},
	title = {Description of the Gaia mission (spacecraft, instruments, survey and measurement principles, and operations)},
	year = {2016},
}

@MISC{gaiadr1,
	author = {Gaia Collaboration et. al},
	title = {Summary description of Gaia DR1},
	year = {2016},
}

@MISC{gaiadr2,
	author = {Gaia Collaboration et. al},
	title = {Gaia Data Release 2 : Summary of the contents and survey properties},
	year = {2018},
}

@Article{gaiaerror,
	author = {Gaia Collaboration et. al},
	title = {Gaia DR2 primer: Everything you wish you had known before you started working with Gaia Data Release 2},
	year = {2019},
}

@Article{q1,
	author = {Crowley et al.},
	title = {On-orbit performance of the Gaia CCDs},
	year = {2016},
}

@Article{q2,
	author = {Arenou et al. },
	title = {Catalogue validation},
	year = {2018},
}

@Article{q3,
	author = {Hambly et al.},
	title = {Calibration and mitigation of electronic offset effects in Gaia data},
	year = {2018},
}

@Article{q4,
	author = {Fabricius et al.},
	title = {Pre-processing and source-list creation},
	year = {2016},
}

@Article{q5,
	author = {Lindegren et al.},
	title = {The astrometric solution},
	year = {2018},
}

@Article{q6,
	author = {Riello et al.},
	title = {Processing of the photometric data},
	year = {2018},
}

@Article{q7,
	author = {Katz et al.},
	title = {Properties and validation of the radial velocities},
	year = {2018},
}

@Article{q8,
	author = {Salgado et al.},
	title = {Gaia archive data access facilities},
	year = {2017},
}

@Article{q9,
	author = {Moitinho et al.},
	title = {Gaia archive visualisation services},
	year = {2018},
}

@Article{q10,
	author = {Luri et al.},
	title = {On the use of Gaia parallaxes.},
	year = {2018},
}


